<record><leader>00000cas a22000007a 4500</leader><controlfield tag="001">8786408</controlfield><controlfield tag="008">820918d18371846ctuwr ne      0    0eng  </controlfield><controlfield tag="009">466</controlfield><datafield ind1=" " ind2=" " tag="010"><subfield code="a">sn 82014454 </subfield></datafield><datafield ind1=" " ind2=" " tag="040"><subfield code="a">DLC</subfield><subfield code="b">eng</subfield><subfield code="c">DLC</subfield><subfield code="d">NPX</subfield><subfield code="d">DLC</subfield><subfield code="d">NPU</subfield><subfield code="d">NPA</subfield><subfield code="d">PPM</subfield><subfield code="d">DLC</subfield><subfield code="d">CNW</subfield><subfield code="d">YOX</subfield><subfield code="d">CNW</subfield><subfield code="d">HUL</subfield><subfield code="d">CNW</subfield><subfield code="d">OCL</subfield><subfield code="d">DLC</subfield><subfield code="d">KRTAS</subfield><subfield code="d">DLC</subfield><subfield code="d">OCLCF</subfield></datafield><datafield ind1="1" ind2=" " tag="029"><subfield code="a">AU@</subfield><subfield code="b">000020129881</subfield></datafield><datafield ind1=" " ind2=" " tag="042"><subfield code="a">msc</subfield></datafield><datafield ind1=" " ind2=" " tag="043"><subfield code="a">n-us-ct</subfield></datafield><datafield ind1="0" ind2="0" tag="050"><subfield code="a">Newspaper</subfield></datafield><datafield ind1="0" ind2=" " tag="130"><subfield code="a">Hartford times (Hartford, Conn. : 1837 : Weekly)</subfield></datafield><datafield ind1="1" ind2="4" tag="245"><subfield code="a">The Hartford times.</subfield></datafield><datafield ind1="3" ind2="0" tag="246"><subfield code="a">Times</subfield></datafield><datafield ind1="1" ind2=" " tag="246"><subfield code="i">Issues for Feb. 21, 1846-Dec. 1846 published as:</subfield><subfield code="a">Hartford daily and weekly times</subfield></datafield><datafield ind1=" " ind2=" " tag="260"><subfield code="a">Hartford, Conn. :</subfield><subfield code="b">Jones &amp; Watts,</subfield><subfield code="c">1837-1846.</subfield></datafield><datafield ind1=" " ind2=" " tag="300"><subfield code="a">9 v.</subfield></datafield><datafield ind1=" " ind2=" " tag="310"><subfield code="a">Weekly</subfield></datafield><datafield ind1="0" ind2=" " tag="362"><subfield code="a">Vol. 22, no. 1 (Dec. 2, 1837)-v. 30, no. 1566 (Dec. 26, 1846).</subfield></datafield><datafield ind1=" " ind2=" " tag="500"><subfield code="a">Publisher: A.E. Burr, 1839-1846.</subfield></datafield><datafield ind1=" " ind2=" " tag="515"><subfield code="a">Issues for 1837-&lt;Dec. 7, 1839&gt; also called: Whole no. 1093-&lt;1198&gt;.</subfield></datafield><datafield ind1=" " ind2=" " tag="525"><subfield code="a">Supplements accompany some issues.</subfield></datafield><datafield ind1=" " ind2=" " tag="530"><subfield code="a">Available on microfilm from UMI and Bell &amp; Howell Information and Learning.</subfield></datafield><datafield ind1=" " ind2=" " tag="580"><subfield code="a">Semiweekly ed.: Hartford times (Hartford, Conn. : 1837 : Semiweekly), 1837-Sept. 22, 1838.</subfield></datafield><datafield ind1=" " ind2=" " tag="580"><subfield code="a">Triweekly eds.: Hartford times (Hartford, Conn. : 1840), 1840, and: Times (Hartford, Conn. : 1841), Jan.-Feb. 1841.</subfield></datafield><datafield ind1=" " ind2=" " tag="580"><subfield code="a">Daily eds.: Hartford times (Hartford, Conn. : 1839), Jan. 14-Apr. 13, 1839, and: Daily times (Hartford, Conn.), Mar. 2, 1841-Apr. 11, 1846, and: Hartford daily times, Apr. 13, 1846-1846.</subfield></datafield><datafield ind1=" " ind2="0" tag="651"><subfield code="a">Hartford (Conn.)</subfield><subfield code="v">Newspapers.</subfield></datafield><datafield ind1=" " ind2="0" tag="651"><subfield code="a">Hartford County (Conn.)</subfield><subfield code="v">Newspapers.</subfield></datafield><datafield ind1=" " ind2="7" tag="655"><subfield code="a">Newspapers.</subfield><subfield code="2">fast</subfield><subfield code="0">(OCoLC)fst01423814</subfield></datafield><datafield ind1=" " ind2="7" tag="651"><subfield code="a">Connecticut</subfield><subfield code="z">Hartford.</subfield><subfield code="2">fast</subfield><subfield code="0">(OCoLC)fst01207441</subfield></datafield><datafield ind1=" " ind2="7" tag="651"><subfield code="a">Connecticut</subfield><subfield code="z">Hartford County.</subfield><subfield code="2">fast</subfield><subfield code="0">(OCoLC)fst01211874</subfield></datafield><datafield ind1=" " ind2=" " tag="752"><subfield code="a">United States</subfield><subfield code="b">Connecticut</subfield><subfield code="c">Hartford</subfield><subfield code="d">Hartford.</subfield></datafield><datafield ind1="1" ind2=" " tag="775"><subfield code="t">Hartford times (Hartford, Conn. : 1837 : Semiweekly)</subfield><subfield code="w">(DLC)sn 87062230</subfield><subfield code="w">(OCoLC)15989346</subfield></datafield><datafield ind1="1" ind2=" " tag="775"><subfield code="t">Times (Hartford, Conn. : 1841)</subfield><subfield code="w">(DLC)sn 93054070</subfield><subfield code="w">(OCoLC)28515098</subfield></datafield><datafield ind1="1" ind2=" " tag="775"><subfield code="t">Hartford times (Hartford, Conn. : 1839)</subfield><subfield code="w">(DLC)sn 93054069</subfield><subfield code="w">(OCoLC)28515153</subfield></datafield><datafield ind1="1" ind2=" " tag="775"><subfield code="t">Hartford times (Hartford, Conn. : 1840)</subfield><subfield code="w">(DLC)sn 84023078</subfield><subfield code="w">(OCoLC)10761321</subfield></datafield><datafield ind1="1" ind2=" " tag="775"><subfield code="t">Daily times (Hartford, Conn.)</subfield><subfield code="w">(DLC)sn 84023077</subfield><subfield code="w">(OCoLC)10758416</subfield></datafield><datafield ind1="1" ind2=" " tag="775"><subfield code="t">Hartford daily times</subfield><subfield code="w">(DLC)sn 83045525</subfield><subfield code="w">(OCoLC)9574221</subfield></datafield><datafield ind1="0" ind2="0" tag="780"><subfield code="t">Times (Hartford, Conn. : 1834 : Weekly)</subfield><subfield code="w">(DLC)sn 82014610</subfield><subfield code="w">(OCoLC)8814563</subfield></datafield><datafield ind1="0" ind2="0" tag="785"><subfield code="t">Hartford weekly times</subfield><subfield code="w">(DLC)sn 82014611</subfield><subfield code="w">(OCoLC)8814682</subfield></datafield><datafield ind1=" " ind2=" " tag="938"><subfield code="a">Kirtas Technologies, Inc.</subfield><subfield code="b">KRTS</subfield><subfield code="n">735978</subfield></datafield></record>